@article{fleisher1975nuclear,
  title={Nuclear tracks in solids: Principles and applications},
  author={Fleisher, RL and Price, PB and Walker, RM},
  journal={Berkeley},
  year={1975}
}
@book{dunai2010cosmogenic,
  title={Cosmogenic nuclides: principles, concepts and applications in the earth surface sciences},
  author={Dunai, Tibor J},
  year={2010},
  publisher={Cambridge University Press}
}

@article{fleischer1967tracks,
  title={Tracks of heavy primary cosmic rays in meteorites},
  author={Fleischer, RL and Price, PB and Walker, RM and Maurette, M and Morgan, G},
  journal={Journal of Geophysical Research},
  volume={72},
  number={1},
  pages={355--366},
  year={1967},
  publisher={Wiley Online Library}
}

@article{aleksandrov2011meteorites,
  title={Meteorites as a natural detectors of very heavy galactic cosmic ray nuclei: some aspects of the experimental track studies},
  author={Aleksandrov, AB and Bagulya, AV and Vladimirov, MS and Goncharova, LA and Ivliev, AI and Kalinina, GV and Kashkarov, LL and Konovalova, NS and Okateva, NM and Polukhina, NG and others},
  journal={Astronomical Schoolâ€™s Report},
  volume={7},
  number={2},
  pages={145--149},
  year={2011},
  publisher={National Aviation University}
}

@article{bull1976cosmic,
  title={Cosmic ray tracks in the Shalka meteorite},
  author={Bull, RK and Durrani, SA},
  journal={Earth and Planetary Science Letters},
  volume={32},
  number={1},
  pages={35--39},
  year={1976},
  publisher={Elsevier}
}

@article{basu2015observation,
  title={Observation of a rare cosmic ray event at mountain altitude},
  author={Basu, Basudhara and Raha, Sibaji and Saha, Swapan K and Biswas, Sukumar and Dey, Sandhya and Maulik, Atanu and Mazumdar, Amal and Saha, Satyajit and Syam, Debapriyo},
  journal={Astroparticle Physics},
  volume={61},
  pages={88--92},
  year={2015},
  publisher={Elsevier}
}

@article{comstock1971cosmic,
  title={Cosmic-ray tracks in plastics: The Apollo helmet dosimetry experiment},
  author={Comstock, GM and Fleischer, RL and Giard, WR and Hart Jr, HR and Nichols, GE and Price, PB},
  journal={Science},
  volume={172},
  number={3979},
  pages={154--157},
  year={1971},
  publisher={American Association for the Advancement of Science}
}